<record><leader>00000cas a2200000 a 4500</leader><controlfield tag="001">33823589</controlfield><controlfield tag="008">951129d19uu1967caucr ne      0    0eng c</controlfield><datafield ind1=" " ind2=" " tag="010"><subfield code="a">sn 95061218 </subfield></datafield><datafield ind1=" " ind2=" " tag="040"><subfield code="a">CNK</subfield><subfield code="b">eng</subfield><subfield code="c">CNK</subfield><subfield code="d">OCLCQ</subfield><subfield code="d">CNK</subfield><subfield code="d">OCLCQ</subfield><subfield code="d">OCLCF</subfield><subfield code="d">OCLCO</subfield></datafield><datafield ind1="1" ind2=" " tag="029"><subfield code="a">AU@</subfield><subfield code="b">000025861801</subfield></datafield><datafield ind1=" " ind2=" " tag="042"><subfield code="a">pcc</subfield></datafield><datafield ind1=" " ind2=" " tag="043"><subfield code="a">n-us-ca</subfield></datafield><datafield ind1="0" ind2="0" tag="245"><subfield code="a">Palos Verdes news.</subfield></datafield><datafield ind1="1" ind2="3" tag="246"><subfield code="a">Palos Verdes news and Hollywood Riviera tribune</subfield><subfield code="f">Jan. 29-Feb. 12, 1948</subfield></datafield><datafield ind1=" " ind2=" " tag="260"><subfield code="a">Palos Verdes Estates, Calif. :</subfield><subfield code="b">John J. Knezevich</subfield></datafield><datafield ind1=" " ind2=" " tag="300"><subfield code="a">v.</subfield></datafield><datafield ind1=" " ind2=" " tag="310"><subfield code="a">Semiweekly,</subfield><subfield code="b">Nov. 1, 1964-July 23, 1967</subfield></datafield><datafield ind1=" " ind2=" " tag="321"><subfield code="a">Frequency varies,</subfield><subfield code="b">&lt;Oct. 22, 1937&gt;-Oct. 29, 1964</subfield></datafield><datafield ind1="0" ind2=" " tag="362"><subfield code="a">-July 23, 1967.</subfield></datafield><datafield ind1=" " ind2=" " tag="500"><subfield code="a">Publication moved to Rolling Hills Estates, Calif., Sept. 5, 1963.</subfield></datafield><datafield ind1=" " ind2=" " tag="515"><subfield code="a">Numbering ceased on Nov. 8, 1964.</subfield></datafield><datafield ind1=" " ind2=" " tag="530"><subfield code="a">Master negatives are available for duplication from:</subfield><subfield code="b">California Newspaper Microfilm Archive;</subfield><subfield code="c">positive copies may be purchased by the reel; for further information consult the CNMA at:</subfield><subfield code="u">http://cbsr.ucr.edu</subfield></datafield><datafield ind1=" " ind2=" " tag="588"><subfield code="a">Description based on: Vol. 9, no. 1 (Oct. 22, 1937).</subfield></datafield><datafield ind1=" " ind2="0" tag="651"><subfield code="a">Palos Verdes Peninsula (Calif.)</subfield><subfield code="v">Newspapers.</subfield></datafield><datafield ind1=" " ind2="7" tag="655"><subfield code="a">Newspapers.</subfield><subfield code="2">fast</subfield><subfield code="0">(OCoLC)fst01423814</subfield></datafield><datafield ind1=" " ind2="7" tag="651"><subfield code="a">California</subfield><subfield code="z">Palos Verdes Peninsula.</subfield><subfield code="2">fast</subfield><subfield code="0">(OCoLC)fst01221433</subfield></datafield><datafield ind1=" " ind2=" " tag="752"><subfield code="a">United States</subfield><subfield code="b">California</subfield><subfield code="c">Los Angeles</subfield><subfield code="d">Rolling Hills Estates.</subfield></datafield><datafield ind1=" " ind2=" " tag="752"><subfield code="a">United States</subfield><subfield code="b">California</subfield><subfield code="c">Los Angeles</subfield><subfield code="d">Palos Verdes Estates.</subfield></datafield><datafield ind1="0" ind2="0" tag="785"><subfield code="t">Palos Verdes Peninsula news (Rolling Hills Estates, Calif. : 1967)</subfield><subfield code="w">(DLS)sn 98061373</subfield></datafield><datafield ind1="0" ind2="1" tag="785"><subfield code="t">Rolling Hills herald</subfield><subfield code="w">(DLC)sn 98061375</subfield></datafield><datafield ind1="0" ind2="1" tag="785"><subfield code="t">Hollywood Riviera tribune</subfield><subfield code="w">(DLC)sn 98061376</subfield></datafield></record>